<?xml version="1.0" encoding="UTF-8"?><collection><record><leader>06720ntm a2200601 a 4500</leader><controlfield tag="001">006818621</controlfield><controlfield tag="003">MiAaHDL</controlfield><controlfield tag="005">20190719000000.0</controlfield><controlfield tag="006">m        d        </controlfield><controlfield tag="007">cr bn ---auaua</controlfield><controlfield tag="008">090615q17621763xx            00| ||ota d</controlfield><datafield tag="035" ind1=" " ind2=" "><subfield code="a">(MiU)006818621</subfield></datafield><datafield tag="035" ind1=" " ind2=" "><subfield code="a">sdr-miu006818621</subfield></datafield><datafield tag="040" ind1=" " ind2=" "><subfield code="a">MiU</subfield><subfield code="c">MiU</subfield><subfield code="e">amremm</subfield></datafield><datafield tag="041" ind1="0" ind2=" "><subfield code="a">ota</subfield></datafield><datafield tag="043" ind1=" " ind2=" "><subfield code="a">n-us-mi</subfield></datafield><datafield tag="100" ind1="0" ind2=" "><subfield code="6">880-01</subfield><subfield code="a">Baki,</subfield><subfield code="d">1526-1600.</subfield></datafield><datafield tag="245" ind1="1" ind2="0"><subfield code="6">880-03</subfield><subfield code="a">Divân-ı Baki Efendi,</subfield><subfield code="f">[1176, i.e. 1762 or 1763].</subfield></datafield><datafield tag="246" ind1="3" ind2=" "><subfield code="i">Inscription on 'title page' (p.1):</subfield><subfield code="a">ديوان باقى</subfield></datafield><datafield tag="246" ind1="3" ind2=" "><subfield code="i">Edge title (tail):</subfield><subfield code="a">ديوان باقى</subfield></datafield><datafield tag="246" ind1="3" ind2=" "><subfield code="i">Edge title (head):</subfield><subfield code="a">ديوان باقى</subfield></datafield><datafield tag="260" ind1=" " ind2=" "><subfield code="c">[1762 or 1763].</subfield></datafield><datafield tag="300" ind1=" " ind2=" "><subfield code="a">175 leaves :</subfield><subfield code="b">paper ;</subfield><subfield code="c">202 x 140 (139 x 75) mm.</subfield></datafield><datafield tag="500" ind1=" " ind2=" "><subfield code="a">Shelfmark: Ann Arbor, University of Michigan, Special Collections Library, Isl. Ms. 678</subfield></datafield><datafield tag="500" ind1=" " ind2=" "><subfield code="a">Origin: As appears in colophon at close of opening section (p.57), copied by Muḥammad al-Amīn (Mehmet Emin) with transcription completed 1176 [1762 or 3].</subfield></datafield><datafield tag="500" ind1=" " ind2=" "><subfield code="a">Accompanying materials: a. Inventory cataloguing slip in hand of Winifred Smeaton Thomas -- b. Acquisitions slip from Yahuda.</subfield></datafield><datafield tag="500" ind1=" " ind2=" "><subfield code="a">Former shelfmark: From front flyleaf and spine label, "IL 123a" (likely supplied by Yahuda, see acquisitions slip).</subfield></datafield><datafield tag="500" ind1=" " ind2=" "><subfield code="a">Binding: Pasteboards covered in block-printed paper (repeated square with dots pattern in contrasting blue and white forming a fish scale effect) with brown leather over spine, fore edge flap, and edges/turn-ins (framed binding) ; Type II binding (with flap) ; board linings/doublures in block-printed paper (repeated 8-petaled flower in purple with yellow and pink circle background accents) ; sewn in dull pink thread, two stations ; worked chevron endbands in pink and cream, good condition ; overall in somewhat poor condition with significant abrasion, lifting and losses of leather, upper cover detaching, etc. ; housed in box for protection.</subfield></datafield><datafield tag="500" ind1=" " ind2=" "><subfield code="a">Support: European laid paper with 11 laid lines per cm. (vertical), chain lines spaced 22-24 mm. apart (horizontal), and watermarks of grapes (raisin) under crown and name (see p.26, 27, etc.) ; 'gold'-flecked ; break-through at frame in leaf carrying pp.57-58.</subfield></datafield><datafield tag="500" ind1=" " ind2=" "><subfield code="a">Decoration: Illuminated headpiece (ʻunwān / sarlawḥ) at opening on p.2 consisting of rectangular piece with cartouche carrying title in red "ديوان باقى افندى رحمة الله عليه" surmounted by scalloped semi-circular piece (dome) filled with swirling floral vegetal decoration in lavender, pink, orange-red, gold, and red on fields of blue and gold, itself surmounted by vertical stalks (tīgh) in blue with orange-red accents and all set in a well of lavender with blue crosses ; another illuminated headpiece (ʻunwān) on p.68 echoes the first, consisting of rectangular piece with cartouche carrying title in red "ديوان باقى افندى رحمة الله عليه رحمة واسعة" flanked by floral motifs in orange-red, white, lavender and gold on fields of blue and gold, surmounted by scalloped semi-circular piece (dome) filled with swirling floral vegetal decoration in light blue, lavender, pink, white, orange-red, gold, and red on fields of blue and gold, itself surmounted by vertical stalks (tīgh) in blue with gold and red accents and all set in a well of pink with blue crosses; written area and two columns within surrounded by gold frame ; keywords, some headings and catchwords rubricated.</subfield></datafield><datafield tag="500" ind1=" " ind2=" "><subfield code="a">Script: Nastaʻlīq (talik) ; at least two elegant, medium hands ; sans serif with effect of words descending to baseline, characteristic letterforms ; final leaves (from p.312) in more of a naskh-nastaʻlīq, slightly more compact, more highly ligatured and partially seriffed with slight effect of words descending to baseline.</subfield></datafield><datafield tag="500" ind1=" " ind2=" "><subfield code="a">Layout: Written in roughly 12 lines of verse per page, on the diagonal in two columns with each hemistich to a diagonal line for roughly 24 hemistiches per page ; headings not on the diagonal ; written area divided to two columns to set off the verses.</subfield></datafield><datafield tag="500" ind1=" " ind2=" "><subfield code="a">Collation: IV (8), V (18), VII+1 (33), 13 V(163), VI (175) ; chiefly quinions ; several leaves ruled but left blank between opening section and following (pp.58-66), p. 67 carries text that has been crossed out, final leaves also ruled but left blank (pp.345-348) ; catchwords present (rubricated) ; in mid to latter quires, foliation visible in lower outer corner of the verso of each leaf ; pagination in pencil, Western numerals, supplied during digitization (inlcudes back flyleaf).</subfield></datafield><datafield tag="500" ind1=" " ind2=" "><subfield code="a">Colophon: "Scribal," triangular, reads "كتبه العبد الضعيف المذنب الفقير محمد الامين غفر الله ذنوبه سنه ۱۱۷٦"</subfield></datafield><datafield tag="500" ind1=" " ind2=" "><subfield code="a">Explicit: "افرين صد افرين اول طبع كوهر باشنه"</subfield></datafield><datafield tag="500" ind1=" " ind2=" "><subfield code="a">Incipit: "بحمد الله شرف بولدى ينه ملك سليمانى جلوس اتدى سعادت تحتنه اسكندر ثانى ..."</subfield></datafield><datafield tag="500" ind1=" " ind2=" "><subfield code="a">Title from headpieces at openings on p.2 and p.68.</subfield></datafield><datafield tag="500" ind1=" " ind2=" "><subfield code="a">Ms. codex.</subfield></datafield><datafield tag="510" ind1="4" ind2=" "><subfield code="a">Ḥājjī Khalīfah. Kashf al-ẓunūn,</subfield><subfield code="c">iii 265</subfield></datafield><datafield tag="510" ind1="4" ind2=" "><subfield code="a">Brit. Mus. Cat. Turkish MSS.,</subfield><subfield code="c">p.187-8</subfield></datafield><datafield tag="520" ind1="8" ind2=" "><subfield code="a">Elegant copy of the collected poems of the celebrated Turkish poet, Baki Efendi (d.1600).</subfield></datafield><datafield tag="538" ind1=" " ind2=" "><subfield code="a">Mode of access: Internet.</subfield></datafield><datafield tag="541" ind1=" " ind2=" "><subfield code="a">Acquired in 1926 from the bookseller Isaac Benjamin S.E. Yahuda via purchase transacted on his behalf by Abraham Shalom Yahuda (1877-1951), his younger brother.</subfield></datafield><datafield tag="546" ind1=" " ind2=" "><subfield code="a">Ottoman Turkish.</subfield></datafield><datafield tag="561" ind1=" " ind2=" "><subfield code="a">Several former owners' marks on 'title page' (p.1) including possible former shelfmark or inventory mark with "١٣," signature of İsmail Bey ( اسماعيل بك ), large oval seal impression, circular seal impression, an ownership statement dated 25 Rajab [?] 1226 [ca. 15 August 1811] ; in name of Genç Mehmet Paşazade İbrahim ( كنچ محمد پ اشا زاده الحاج ابراهيم ) accompanied by a portion of an oval seal impression dated 1218 [1803 or 4] ; former owners' mark on back flyleaf (p.350) ; occasional glosses.</subfield></datafield><datafield tag="650" ind1=" " ind2="0"><subfield code="a">Manuscripts, Turkish</subfield><subfield code="z">Michigan</subfield><subfield code="z">Ann Arbor.</subfield></datafield><datafield tag="650" ind1=" " ind2="0"><subfield code="a">Turkish poetry</subfield><subfield code="v">Early works to 1800.</subfield></datafield><datafield tag="655" ind1=" " ind2="7"><subfield code="a">Headpieces (layout features)</subfield><subfield code="y">18th century.</subfield><subfield code="2">aat</subfield></datafield><datafield tag="700" ind1="0" ind2=" "><subfield code="6">880-04</subfield><subfield code="a">Mehmet el-Emin,</subfield><subfield code="d">fl. 1762,</subfield><subfield code="e">scribe.</subfield></datafield><datafield tag="773" ind1="0" ind2=" "><subfield code="a">Yahuda Collection.</subfield></datafield><datafield tag="880" ind1="0" ind2=" "><subfield code="6">700-04/</subfield><subfield code="a">محمد الامين,</subfield><subfield code="e">ناسخ.</subfield></datafield><datafield tag="880" ind1="1" ind2="0"><subfield code="6">245-03/</subfield><subfield code="a">ديوان باقى افندى,</subfield><subfield code="f">[1176ه، 1762 او 1763م].</subfield></datafield><datafield tag="880" ind1="0" ind2=" "><subfield code="6">100-01/</subfield><subfield code="a">باقي.</subfield></datafield><datafield tag="CID" ind1=" " ind2=" "><subfield code="a">006818621</subfield></datafield><datafield tag="DAT" ind1="0" ind2=" "><subfield code="a">20190719102639.0</subfield><subfield code="b">20190719000000.0</subfield></datafield><datafield tag="DAT" ind1="1" ind2=" "><subfield code="a">20190719090653.0</subfield><subfield code="b">2019-07-19T16:10:52Z</subfield></datafield><datafield tag="DAT" ind1="2" ind2=" "><subfield code="a">2015-10-10T18:00:06Z</subfield></datafield><datafield tag="CAT" ind1=" " ind2=" "><subfield code="a">SDR-MIU</subfield><subfield code="d">EX LIBRIS - ALEPH</subfield><subfield code="l">prepare.pl-004-008</subfield></datafield><datafield tag="FMT" ind1=" " ind2=" "><subfield code="a">BK</subfield></datafield><datafield tag="HOL" ind1=" " ind2=" "><subfield code="0">sdr-miu006818621</subfield><subfield code="a">MiU</subfield><subfield code="b">SDR</subfield><subfield code="c">MIU</subfield><subfield code="p">mdp.39015079129949</subfield><subfield code="s">MIU</subfield><subfield code="1">006818621</subfield></datafield><datafield tag="974" ind1=" " ind2=" "><subfield code="b">MIU</subfield><subfield code="c">MIU</subfield><subfield code="d">20190719</subfield><subfield code="s">lit-dlps-dc</subfield><subfield code="u">mdp.39015079129949</subfield><subfield code="y">1763</subfield><subfield code="r">pd</subfield><subfield code="q">bib</subfield><subfield code="t">non-US bib date2 &lt; 1896</subfield></datafield></record></collection>